@book{kahneman2011thinking,
  added-at = {2013-01-10T15:41:11.000+0100},
  address = {New York},
  author = {Kahneman, Daniel},
  biburl = {https://www.bibsonomy.org/bibtex/2f322864169411fd5914f3fa5488e288c/schmidt2},
  description = {Thinking, Fast and Slow: Amazon.de: Daniel Kahneman: Englische BÃ¼cher},
  interhash = {a1400a299a00de009ec8eda73e6289af},
  intrahash = {f322864169411fd5914f3fa5488e288c},
  isbn = {9780374275631 0374275637},
  keywords = {bib books psychology thinking toread},
  publisher = {Farrar, Straus and Giroux},
  refid = {706020998},
  timestamp = {2013-01-10T15:41:11.000+0100},
  title = {Thinking, fast and slow},
  url = {https://www.amazon.de/Thinking-Fast-Slow-Daniel-Kahneman/dp/0374275637/ref=wl_it_dp_o_pdT1_nS_nC?ie=UTF8&colid=151193SNGKJT9&coliid=I3OCESLZCVDFL7},
  year = 2011
}

@book{Kernighan88,
   author = {B. W. Kernighan},
   title = {The C Programming Language},
   edition = {2},
   publisher = {Prentice Hall Proffesional Technical Reference},
   year = {1988}
}