@book{Fencott:CCS:95,
author = {Fencott, C.},
title = {Formal Methods for Concurrency},
year = {1995},
publisher = {International Thomson Computer Press},
address = {Boston, MA, USA},
}

@Article{Clarke:Emerson:temp:logic:82, 
author = {Clarke, E. M. and Emerson, E. A.},
title =	{Design and synthesis of synchronization skeletons using branching time temporal logic},
journal = {Science of Computer Programming},
volume = {2},
pages =	{241--266},
year = {1982},
}

@Book{Huzar:etal:Ada95:98,
author = {Huzar, Z. and Fryźlewicz, Z. and Dubielewicz, I. and Hnatkowska, B. and Waniczek, J.},
title = {Ada 95},
publisher = {Helion},
year = {1998},
address = {Gliwice}
}

@Manual{Ada:Ref:Manual:06,
title = {Ada Reference Manual {ISO}/{IEC} 8652:200y({E}) {E}d. 3},
organization = {Ada Europe},
year = {2006}
}

@book{sommerville2011software,
  title={Software Engineering},
  author={Sommerville, I.},
  isbn={9780137053469},
  lccn={2009053058},
  series={International Computer Science Series},
  url={https://books.google.pl/books?id=l0egcQAACAAJ},
  year={2011},
  publisher={Pearson}
}

@article{journals/cacm/Davis88,
  added-at = {2011-06-07T00:00:00.000+0200},
  author = {Davis, Alan M.},
  biburl = {https://www.bibsonomy.org/bibtex/2e2047185d13f1fa8445465c8bb992b0c/dblp},
  ee = {http://doi.acm.org/10.1145/48529.48534},
  interhash = {40b77d88fddab5cb1576ae3d65347d05},
  intrahash = {e2047185d13f1fa8445465c8bb992b0c},
  journal = {Commun. ACM},
  keywords = {dblp},
  number = 9,
  pages = {1098-1115},
  timestamp = {2011-06-08T11:34:34.000+0200},
  title = {A Comparison of Techniques for the Specification of External System Behavior.},
  url = {http://dblp.uni-trier.de/db/journals/cacm/cacm31.html#Davis88},
  volume = 31,
  year = 1988
}

@incollection{Alur+Dill/90/Automata,
  added-at = {2009-05-20T01:29:36.000+0200},
  author = {Alur, Rajeev and Dill, David L.},
  biburl = {https://www.bibsonomy.org/bibtex/24c2bda4b33f4fd23022eef97752a7688/sriram0339},
  booktitle = {ICALP 90: Automata, Languages, and Programming},
  description = {First cut database},
  editor = {Paterson, M.S.},
  interhash = {a98a437dfe8d502a46ee3d864a1f6a97},
  intrahash = {4c2bda4b33f4fd23022eef97752a7688},
  keywords = {imported},
  pages = {322--335},
  publisher = {Springer-Verlag},
  series = {LNCS},
  timestamp = {2009-05-20T01:29:37.000+0200},
  title = {Automata for modeling real-time systems},
  volume = 443,
  year = 1990
}

@book{metody:formalne,
  title={Metody formalne w inżynierii oprogramowania systemów czasu rzeczywistego},
  author={Szmuc, Tomasz and Szpyrka, Marcin and Piwowarczyk, Jacek and Rogus, Grzegorz and others},
  year={2010},
  publisher={Helion}
}







% Piwowarczyk Jacek, Półrola Agata, Rogus Grzegorz, Samolej Sławomir, Szmuc Wojciech, Szewd Piotr, Trybus Bartosz, Woźna-Szcześniak Bożena, Matyasik Piotr, Nalepa Grzegorz J. , Klimek Radosław, Kułakowski Konrad, Lizęga Antoni